@article{Kweon1994,
  title={Extracting topographic terrain features from elevation maps},
  author={Kweon, In So and Kanade, Takeo},
  journal={CVGIP: image understanding},
  volume={59},
  number={2},
  pages={171--182},
  year={1994},
  publisher={Elsevier}
}

@inproceedings{Johnson2000,
  title={Surface landmark selection and matching in natural terrain},
  author={Johnson, Andrew E},
  booktitle={Computer Vision and Pattern Recognition, 2000. Proceedings. IEEE Conference on},
  volume={2},
  pages={413--420},
  year={2000},
  organization={IEEE}
}

@article{Johnson1999,
  title={Using spin images for efficient object recognition in cluttered 3D scenes},
  author={Johnson, Andrew E and Hebert, Martial},
  journal={Pattern Analysis and Machine Intelligence, IEEE Transactions on},
  volume={21},
  number={5},
  pages={433--449},
  year={1999},
  publisher={IEEE}
}

@inproceedings{Montemerlo2002,
  title={FastSLAM: A factored solution to the simultaneous localization and mapping problem},
  author={Montemerlo, Michael and Thrun, Sebastian and Koller, Daphne and Wegbreit, Ben and others},
  booktitle={AAAI/IAAI},
  pages={593--598},
  year={2002}
}

@inproceedings{Orser1987,
  title={The extraction of topographic features in support of autonomous underwater vehicle navigation},
  author={Orser, Don J and Roche, Martin},
  booktitle={Unmanned Untethered Submersible Technology, Proceedings of the 1987 5th International Symposium on},
  volume={5},
  pages={502--514},
  year={1987},
  organization={IEEE}
}
